@inproceedings{kowalski2022split,
  title={Split Moves for Monte-Carlo Tree Search},
  author={Kowalski, Jakub and Mika, Maksymilian and Pawlik, Wojciech and Sutowicz, Jakub and Szyku{\l}a, Marek and Winands, Mark HM},
  booktitle={Proceedings of the AAAI Conference on Artificial Intelligence},
  volume={36},
  number={9},
  pages={10247--10255},
  year={2022}
}
@misc{riskrules,
  title={Risk: The World Conquest Game},
  author={Hasbro},
  howpublished={\url{https://www.hasbro.com/common/instruct/risk.pdf}},
  note={Accessed: 2024-03-06}
}
